<?xml version="1.0" encoding="UTF-8"?><collection xmlns="http://www.loc.gov/MARC21/slim"><record><leader>00579nam--2200169-i-4500</leader><controlfield tag="001">000010854</controlfield><controlfield tag="002">20161230</controlfield><controlfield tag="005">20161230201029</controlfield><controlfield tag="008">060222s1000------------r-----000-0-eng-d</controlfield><datafield ind1=" " ind2=" " tag="100"><subfield code="a">Capobianco, M.; Frechen, J. B. ; Krolik, M</subfield></datafield><datafield ind1=" " ind2=" " tag="245"><subfield code="a">Recent trends in graph theory. proceedings of the first new york city graph theory conference held on june 11, 12 and 13, 1970</subfield></datafield><datafield ind1=" " ind2=" " tag="260"><subfield code="a">Berlin, Springer-verlag, 1971</subfield></datafield><datafield ind1=" " ind2=" " tag="300"><subfield code="a">219 p</subfield></datafield><datafield ind1=" " ind2=" " tag="490"><subfield code="a">Lecture Notes In Mathematics</subfield><subfield code="v">vol. 186</subfield></datafield><datafield ind1=" " ind2=" " tag="700"><subfield code="a">Capobianco, M./S.A.</subfield></datafield><datafield ind1=" " ind2=" " tag="852"><subfield code="a">39836</subfield><subfield code="c">512.831</subfield></datafield><datafield ind1=" " ind2=" " tag="CAT"><subfield code="a">Sys</subfield><subfield code="c">20080522</subfield><subfield code="h">130127</subfield></datafield></record></collection>